<?xml version="1.0" encoding="UTF-8"?>
<record xmlns="http://www.loc.gov/MARC21/slim">
   <leader>02136cam a2200349 a 4500</leader>
   <controlfield tag="001">661993</controlfield>
   <controlfield tag="003">NjP</controlfield>
   <controlfield tag="005">20190705141151.0</controlfield>
   <controlfield tag="008">910103s1989    ir       b    000 0dara d</controlfield>
   <datafield tag="024" ind1="7" ind2=" ">
      <subfield code="a">princeton_aco004889</subfield>
      <subfield code="2">local</subfield>
   </datafield>
   <datafield ind1=" " ind2=" " tag="035">
      <subfield code="a">661993</subfield>
   </datafield>
   <datafield ind1=" " ind2=" " tag="040">
      <subfield code="a">NjP</subfield>
      <subfield code="c">PUL</subfield>
      <subfield code="d">PUL</subfield>
   </datafield>
   <datafield ind1=" " ind2=" " tag="035">
      <subfield code="a">(CStRLIN)NJPG91-B385</subfield>
   </datafield>
   <datafield ind1=" " ind2=" " tag="035">
      <subfield code="9">ACZ8281TS</subfield>
   </datafield>
   <datafield ind1=" " ind2=" " tag="035">
      <subfield code="a">(NjP)661993</subfield>
   </datafield>
   <datafield ind1=" " ind2=" " tag="049">
      <subfield code="a">PULL</subfield>
   </datafield>
   <datafield ind1=" " ind2=" " tag="035">
      <subfield code="a">(OCoLC)ocm30515519</subfield>
   </datafield>
   <datafield ind1="1" ind2=" " tag="100">
      <subfield code="6">880-01</subfield>
      <subfield code="a">Sarkīs, Yūsuf Ilyān,</subfield>
      <subfield code="d">1856-1932 or 1933.</subfield>
      <subfield code="0">http://id.loc.gov/authorities/names/nr90002614</subfield>
   </datafield>
   <datafield ind1="1" ind2="0" tag="245">
      <subfield code="6">880-02</subfield>
      <subfield code="a">Muʻjam al-maṭbūʻāt al-ʻArabīyah wa-al-muʻarrabah :</subfield>
      <subfield code="b">wa-huwa shāmil li-asmāʼ al-kutub al-maṭbūʻah fī al-aqṭār al-sharqīyah wa-al-gharbīyah, maʻa dhikr asmāʼ muʼallifīhā wa-lumʻah min tarjamatihim wa-dhālika min yawm ẓuhūr al-ṭibāʻah ilʹa nihāyat al-sanah al-Hijrīyah 1339 al-muwāfiqah li-sanat 1919 Mīlādīyah /</subfield>
      <subfield code="c">jamaʻahu wa-rattabahu Yūsuf Ilyān Sarkīs.</subfield>
   </datafield>
   <datafield ind1=" " ind2=" " tag="260">
      <subfield code="6">880-03</subfield>
      <subfield code="a">Qum :</subfield>
      <subfield code="b">Maktabat Āyat Allāh al-ʻUẓmá al-Marʻashī al-Najafī,</subfield>
      <subfield code="c">1410 [1989 or 1990]</subfield>
   </datafield>
   <datafield ind1=" " ind2=" " tag="300">
      <subfield code="a">2 v. (4 p., 2024 columns, 152, 18 p.) ;</subfield>
      <subfield code="c">30 cm.</subfield>
   </datafield>
   <datafield ind1=" " ind2=" " tag="500">
      <subfield code="a">Title page partially vocalized.</subfield>
   </datafield>
   <datafield ind1=" " ind2=" " tag="534">
      <subfield code="p">Reprint.</subfield>
   </datafield>
   <datafield ind1=" " ind2=" " tag="504">
      <subfield code="a">Includes bibliographical references.</subfield>
   </datafield>
   <datafield ind1=" " ind2="0" tag="650">
      <subfield code="a">Arabic imprints</subfield>
      <subfield code="x">Bio-bibliography.</subfield>
   </datafield>
   <datafield ind1="1" ind2=" " tag="880">
      <subfield code="6">100-01/r</subfield>
      <subfield code="a">سركيس، يوسف اليان،</subfield>
      <subfield code="d">1856-1932 or 1933.</subfield>
   </datafield>
   <datafield ind1="1" ind2="0" tag="880">
      <subfield code="6">245-02/r</subfield>
      <subfield code="a">معجم المطبوعات العربية والمعربة :</subfield>
      <subfield code="b">وهو شامل لاسماء الكتب المطبوعة في الاقطار الشرقية والغربية، مع ذكر اسماء مؤلفيها ولمعة من ترجمتهم وذالك من يوم ظهور الطباعة ال نهاية السنة الهجرية 1339 الموافقة لسنة 1919 ميلادية /</subfield>
      <subfield code="c">جمعه ورتبه يوسف اليان سركيس.</subfield>
   </datafield>
   <datafield ind1=" " ind2=" " tag="880">
      <subfield code="6">260-03/r</subfield>
      <subfield code="a">قم :</subfield>
      <subfield code="b">مكتبة آية الله العظمى المرعشي النجفي،</subfield>
      <subfield code="c">1410 [1989 or 1990]</subfield>
   </datafield>
   <datafield ind1=" " ind2=" " tag="998">
      <subfield code="a">01/03/91</subfield>
      <subfield code="s">9114</subfield>
      <subfield code="n">NjP</subfield>
      <subfield code="d">01/03/91</subfield>
      <subfield code="c">JEB</subfield>
      <subfield code="b">JEB</subfield>
      <subfield code="i">910103</subfield>
      <subfield code="l">NJPG</subfield>
   </datafield>
   <datafield ind1=" " ind2=" " tag="911">
      <subfield code="a">19921028</subfield>
   </datafield>
   <datafield ind1=" " ind2=" " tag="912">
      <subfield code="a">19910103000000.0</subfield>
   </datafield>
   <datafield ind1=" " ind2=" " tag="994">
      <subfield code="a">C0</subfield>
      <subfield code="b">PUL</subfield>
   </datafield>
   <datafield ind1=" " ind2=" " tag="999">
      <subfield code="a">661993</subfield>
   </datafield>
   <datafield ind1=" " ind2=" " tag="979">
      <subfield code="a">(OCoLC)ocn175567065</subfield>
   </datafield>
   <datafield ind1="0" ind2="0" tag="852">
      <subfield code="0">733229</subfield>
      <subfield code="b">nec</subfield>
      <subfield code="t">1</subfield>
      <subfield code="c">Oversize</subfield>
      <subfield code="h">Z3026</subfield>
      <subfield code="i">.S29 1989q</subfield>
   </datafield>
   <datafield ind1=" " ind2=" " tag="959">
      <subfield code="a">2000-06-13 00:00:00 -0400</subfield>
   </datafield>
</record>
